
@incollection{steyvers_prediction_2006,
	title = {Prediction and {Change} {Detection}},
	url = {http://papers.nips.cc/paper/2946-prediction-and-change-detection.pdf},
	urldate = {2018-03-13},
	booktitle = {Advances in {Neural} {Information} {Processing} {Systems} 18},
	publisher = {MIT Press},
	author = {Steyvers, Mark and Brown, Scott},
	editor = {Weiss, Y. and Sch√∂lkopf, B. and Platt, J. C.},
	year = {2006},
	pages = {1281--1288},
	file = {NIPS Full Text PDF:/home/arne/.zotero/zotero/peibmt5u.default/zotero/storage/W4A9AKWZ/Steyvers and Brown - 2006 - Prediction and Change Detection.pdf:application/pdf;NIPS Snapshort:/home/arne/.zotero/zotero/peibmt5u.default/zotero/storage/UVEZ8CAG/2946-prediction-and-change-detection.html:text/html}
}