
@article{gershman_tutorial_2011,
	title = {A {Tutorial} on {Bayesian} {Nonparametric} {Models}},
	url = {https://arxiv.org/abs/1106.2697},
	language = {en},
	urldate = {2018-05-08},
	author = {Gershman, Samuel J. and Blei, David M.},
	month = jun,
	year = {2011}
}